<collection xmlns="http://www.loc.gov/MARC21/slim"><record><leader>00950nam  2200265   450</leader><controlfield tag="001">178</controlfield><controlfield tag="003">http://montalegre.opacnet.com/OPAC/default.aspx?ContentAreaControl=ShowRegHoldings.ascx&amp;RegNo=16662</controlfield><datafield tag="095" ind1=" " ind2=" "><subfield code="a">PTBN01005742</subfield></datafield><datafield tag="100" ind1=" " ind2=" "><subfield code="a">20061013d1993    m  y0pory0103    ba</subfield></datafield><datafield tag="101" ind1="1" ind2=" "><subfield code="a">por</subfield><subfield code="c">eng</subfield></datafield><datafield tag="102" ind1=" " ind2=" "><subfield code="a">PT</subfield></datafield><datafield tag="105" ind1=" " ind2=" "><subfield code="a">a   z   001ay</subfield></datafield><datafield tag="106" ind1=" " ind2=" "><subfield code="a">r</subfield></datafield><datafield tag="200" ind1="1" ind2=" "><subfield code="a">Alice no país das maravilhas</subfield><subfield code="e">&lt;um &gt;livro para míudos e graúdos</subfield><subfield code="f">Lewis Carroll</subfield><subfield code="g">trad. de Vera Azancot</subfield><subfield code="g">il. John Tenniel</subfield></datafield><datafield tag="205" ind1=" " ind2=" "><subfield code="a">2ª ed</subfield></datafield><datafield tag="210" ind1=" " ind2=" "><subfield code="a">Mem Martins</subfield><subfield code="c">Europa-América</subfield><subfield code="d">D.L. 1993 [D.L. 1998]</subfield></datafield><datafield tag="215" ind1=" " ind2=" "><subfield code="a">143, [1] p.</subfield><subfield code="c">il.</subfield><subfield code="d">18 cm</subfield></datafield><datafield tag="225" ind1="2" ind2=" "><subfield code="a">Livros de bolso Europa-América</subfield><subfield code="v">162</subfield></datafield><datafield tag="304" ind1=" " ind2=" "><subfield code="a">Tít. orig.: Alice's adventures in Wonderland</subfield></datafield><datafield tag="675" ind1=" " ind2=" "><subfield code="a">087.5</subfield></datafield><datafield tag="700" ind1=" " ind2="1"><subfield code="a">Carroll</subfield><subfield code="b">Lewis</subfield><subfield code="c">pseud</subfield><subfield code="3">25360</subfield></datafield><datafield tag="702" ind1=" " ind2="1"><subfield code="a">Azancot</subfield><subfield code="b">Vera</subfield><subfield code="4">730</subfield><subfield code="3">86088</subfield></datafield><datafield tag="702" ind1=" " ind2="1"><subfield code="a">Tenniel</subfield><subfield code="b">John</subfield><subfield code="4">440</subfield><subfield code="3">113778</subfield></datafield><datafield tag="801" ind1=" " ind2="0"><subfield code="a">PT</subfield><subfield code="b">Biblioteca Municipal de Montalegre</subfield><subfield code="g">RPC</subfield></datafield><datafield tag="856" ind1=" " ind2=" "><subfield code="u">locateMedia.asp?cod=20060510092835&amp;ext=jpg</subfield><subfield code="z">CAPA</subfield></datafield><datafield tag="909" ind1="&#9;" ind2=" "><subfield code="a">1</subfield></datafield><datafield tag="966" ind1=" " ind2=" "><subfield code="a">0005175</subfield><subfield code="l">BMM</subfield><subfield code="s">SJ 087.5 CAR ali 162</subfield></datafield></record></collection>